@INPROCEEDINGS{9458864,

  author={Zhang, Fan and Chen, Hanhua and Jin, Hai and Reviriego, Pedro},
  booktitle={2021 IEEE 37th International Conference on Data Engineering (ICDE)}, 
  title={The Logarithmic Dynamic Cuckoo Filter}, 
  year={2021},
  volume={},
  number={},
  pages={948-959},
  doi={10.1109/ICDE51399.2021.00087}}
  
@INPROCEEDINGS{8117563,
  author={Chen, Hanhua and Liao, Liangyi and Jin, Hai and Wu, Jie},
  booktitle={2017 IEEE 25th International Conference on Network Protocols (ICNP)}, 
  title={The dynamic cuckoo filter}, 
  year={2017},
  volume={},
  number={},
  pages={1-10},
  doi={10.1109/ICNP.2017.8117563}}

@inproceedings{10.1145/2674005.2674994,
author = {Fan, Bin and Andersen, Dave G. and Kaminsky, Michael and Mitzenmacher, Michael D.},
title = {Cuckoo Filter: Practically Better Than Bloom},
year = {2014},
isbn = {9781450332798},
publisher = {Association for Computing Machinery},
address = {New York, NY, USA},
doi = {10.1145/2674005.2674994},
booktitle = {Proceedings of the 10th ACM International on Conference on Emerging Networking Experiments and Technologies},
pages = {75–88},
numpages = {14},
keywords = {compression, cuckoo hashing, bloom filters},
location = {Sydney, Australia},
series = {CoNEXT '14}
}

@article{DBLP:journals/usenix-login/FanAK13,
  author       = {Bin Fan and
                  David G. Andersen and
                  Michael Kaminsky},
  title        = {Cuckoo Filter: Better Than Bloom},
  journal      = {login Usenix Mag.},
  volume       = {38},
  number       = {4},
  year         = {2013},
  timestamp    = {Thu, 02 Apr 2020 01:00:00 +0200},
  biburl       = {https://dblp.org/rec/journals/usenix-login/FanAK13.bib},
  bibsource    = {dblp computer science bibliography, https://dblp.org}
}

@inproceedings{10.1145/3485983.3494852,
author = {Reviriego, Pedro and Pontarelli, Salvatore},
title = {Perfect Cuckoo Filters},
year = {2021},
isbn = {9781450390989},
publisher = {Association for Computing Machinery},
address = {New York, NY, USA},
doi = {10.1145/3485983.3494852},
booktitle = {Proceedings of the 17th International Conference on Emerging Networking EXperiments and Technologies},
pages = {205–211},
numpages = {7},
keywords = {cuckoo filters, approximate membership checking, packet processing, false positives},
location = {Virtual Event, Germany},
series = {CoNEXT '21}
}

@misc{ensembl_bacteria,
  title = {Ensembl Bacteria},
  howpublished = {\url{http://bacteria.ensembl.org/index.html}},
  note = {Pristupljeno: svibanj, 2023}
}